@book{ldesc2e,
  author = 	 {Tom'as Bautista and Tobias Oetiker and Hubert Partl and Irene Hyna and Elisabeth Schlegl},
  title = 	 {Una Descripci?n de \LaTeXe},
  publisher = 	 {Versi?n electr?nica},
  year = 	 1998
}

% ============= WEBPAGES - VARIABLES =============

@Wikipedia{variables2,
   author     = {ESA, Science and Technology},
   title      = {{Stars}},
   wpentry    = {GAIA},
   language   = {en},
   webpage    = {https://sci.esa.int/web/gaia/-/40576-stars},
   lastaccess = {Agosto, 2024},
}

@Wikipedia{variables3,
   author     = {CSIRO, Australia Telescope National Facility},
   title      = {{Variable Stars}},
   wpentry    = {astrophysics},
   language   = {en},
   webpage    = {https://web.archive.org/web/20240208142835/https://www.atnf.csiro.au/outreach/education/senior/astrophysics/variable_types.html},
   lastaccess = {Agosto, 2024},
}

@Wikipedia{variables4,
   author     = {Las Cumbres, Observatory},
   title      = {{Apparent magnitude}},
   wpentry    = {Magnitudes and Measuring Distance},
   language   = {en},
   webpage    = {https://lco.global/spacebook/distance/what-apparent-magnitude/},
   lastaccess = {Agosto, 2024},
}

@Article{variables5,
  author = {Fujiwara, T. and Yamaoka, H.},
  title = 	 {Magnitude systems in old star catalogues},
  journal = 	 {arXiv},
  year = 	 2004,
}

@Wikipedia{variables6,
   author     = {CSIRO, Australia Telescope National Facility},
   title      = {{The Magnitude Scale}},
   wpentry    = {astrophysics},
   language   = {en},
   webpage    = {https://web.archive.org/web/20240812014405/https://www.atnf.csiro.au/outreach/education/senior/astrophysics/photometry_magnitude.html},
   lastaccess = {Agosto, 2024},
}

@Wikipedia{cefeidas,
   author     = {Encyclopedia Britannica, The Editors of},
   title      = {{Cepheid Variable | Astronomy}},
   wpentry    = {science},
   language   = {en},
   webpage    = {https://www.britannica.com/science/Cepheid-variable},
   lastaccess = {Agosto, 2024},
}

@Wikipedia{rrLyrae1,
   author     = {CSIRO, Australia Telescope National Facility},
   title      = {{Pulsating Variable Stars}},
   wpentry    = {astrophysics},
   language   = {en},
   webpage    = {https://web.archive.org/web/20240709091830/https://www.atnf.csiro.au/outreach/education/senior/astrophysics/variable_pulsating.html#pulsatingrrlyrae},
   lastaccess = {Agosto, 2024},
}

@Wikipedia{novas,
   author     = {Encyclopedia Britannica, The Editors of},
   title      = {{blue straggler star | Astronomy}},
   wpentry    = {science},
   language   = {en},
   webpage    = {https://www.britannica.com/science/Cepheid-variable},
   lastaccess = {Agosto, 2024},
}

@Wikipedia{supernovas,
   author     = {Teach Astronomy, The Editors of},
   title      = {{Nova and Supernova}},
   wpentry    = {The Milky Way},
   language   = {en},
   webpage    = {https://www.teachastronomy.com/textbook/The-Milky-Way/Nova-and-Supernova/},
   lastaccess = {Agosto, 2024},
}

@misc{eclipses,
  author     = {Suárez Tejera, Máximo},
  title      = {{Variables de Tipo Eclipsante}},
  language   = {es},
  howpublished = {\url{https://www.uv.es/~regalado/eclips3.htm}},
  note       = {Último acceso: agosto de 2024},
  year       = {2024}
}

@Wikipedia{distancias,
   author     = {CSIRO, Australia Telescope National Facility},
   title      = {{The Magnitude Scale}},
   wpentry    = {astrophysics},
   language   = {en},
   webpage    = {https://web.archive.org/web/20240812014405/https://www.atnf.csiro.au/outreach/education/senior/astrophysics/photometry_magnitude.html},
   lastaccess = {Agosto, 2024},
}



% ============= - - - - - - - - =============