@Wikipedia{variables1nosirve,
   author     = {ESA},
   title      = {{Stars}},
   wpentry    = {GAIA},
   language   = {es},
   webpage    = {https://sci.esa.int/web/gaia/-/40576-stars},
   lastaccess = {Agosto, 2024},
}
